@Manual{bakken04php,
  title =        {{PHP} Manual},
  author = {Stig SÃ¦ther Bakken and Alexander Aulbach and Egon Schmid
and Jim Winstead and Lars Torben Wilson and Rasmus Lerdorf and Andrei
Zmievski and Jouni Ahto },
  month =        {June},
  year =         2004,
  url = {http://www.php.net/manual/en/}
}

@TechReport{mahmoud03jsp,
  author =       {Qusay H. Mahmoud},
  title =        {Developing Web Applications with {JavaServer} {Pages} 2.0},
  institution =  {Sun Microsystems},
  year =         2003,
  month =        {July},
  url = {http://java.sun.com/developer/tech ni cal Art icles/javaserverpages/JSP20/}
}

@Manual{elsman02smlserver,
  title =        {{SMLserver:} a Functional Approach to Web Publishing},
  author =       {Martin Elsman and Niels Hallenberg},
  month =        {February},
  year =         2002,
  url = {http://www.smlserver.org/doc.sml}
}

@Misc{ohl04xhtml,
  author =       {Thorsten Ohl},
  title =        {{XHTML} module for {OCaml}},
  url = {http://theorie.physik.uni-wuerzburg.de/~ohl/xhtml/},
  month =        {January},
  year =         2004
}

@Misc{baretta04xcaml,
  author =       {Alessandro Baretta},
  title =        {{Application System} {Xcaml}},
  url = {http://www.asxcaml.org/},
  year = {2004}
}


@Misc{ecmascript99,
  key =          {ECMA},
  title =        {{ECMAScript} Language Specification},
  month =        {December},
  year =         1999,
  url={http://www.ecma-international.org/publications/standards/Ecma-262.htm}
}

@Book{greenspun99panda,
  author =       {Philip Greenspun},
  title =        {Philip \& Alex's Guide to Web Publishing},
  publisher =    {Morgan Kaufmann},
  year =         1999
}

@Book{flanagan01javascript,
  author =       {David Flanagan},
  title =        {{JavaScript:} The Definitive Guide},
  publisher =    {O'Reilly},
  year =         2001
}

